%YAML 1.1
%TAG !u! tag:unity3d.com,2011:
--- !u!1 &3002127523624840789
GameObject:
  m_ObjectHideFlags: 0
  m_CorrespondingSourceObject: {fileID: 0}
  m_PrefabInstance: {fileID: 0}
  m_PrefabAsset: {fileID: 0}
  serializedVersion: 6
  m_Component:
  - component: {fileID: 1399815386180485175}
  m_Layer: 0
  m_Name: FullFence
  m_TagString: Untagged
  m_Icon: {fileID: 0}
  m_NavMeshLayer: 0
  m_StaticEditorFlags: 0
  m_IsActive: 1
--- !u!4 &1399815386180485175
Transform:
  m_ObjectHideFlags: 0
  m_CorrespondingSourceObject: {fileID: 0}
  m_PrefabInstance: {fileID: 0}
  m_PrefabAsset: {fileID: 0}
  m_GameObject: {fileID: 3002127523624840789}
  m_LocalRotation: {x: 0, y: 0, z: 0, w: 1}
  m_LocalPosition: {x: 0, y: 0, z: 0}
  m_LocalScale: {x: 1, y: 1, z: 1}
  m_Children:
  - {fileID: 7439757686559096792}
  - {fileID: 2978462057863988566}
  - {fileID: 2250223070212886226}
  m_Father: {fileID: 0}
  m_RootOrder: 0
  m_LocalEulerAnglesHint: {x: 0, y: 0, z: 0}
--- !u!1001 &2404344333545619760
PrefabInstance:
  m_ObjectHideFlags: 0
  serializedVersion: 2
  m_Modification:
    m_TransformParent: {fileID: 1399815386180485175}
    m_Modifications:
    - target: {fileID: 4496729446872010722, guid: fe37ed5504abbfe47a196ade639cb57c,
        type: 3}
      propertyPath: m_LocalPosition.x
      value: 0
      objectReference: {fileID: 0}
    - target: {fileID: 4496729446872010722, guid: fe37ed5504abbfe47a196ade639cb57c,
        type: 3}
      propertyPath: m_LocalPosition.y
      value: 0
      objectReference: {fileID: 0}
    - target: {fileID: 4496729446872010722, guid: fe37ed5504abbfe47a196ade639cb57c,
        type: 3}
      propertyPath: m_LocalPosition.z
      value: 6.25
      objectReference: {fileID: 0}
    - target: {fileID: 4496729446872010722, guid: fe37ed5504abbfe47a196ade639cb57c,
        type: 3}
      propertyPath: m_LocalRotation.x
      value: -0
      objectReference: {fileID: 0}
    - target: {fileID: 4496729446872010722, guid: fe37ed5504abbfe47a196ade639cb57c,
        type: 3}
      propertyPath: m_LocalRotation.y
      value: -0
      objectReference: {fileID: 0}
    - target: {fileID: 4496729446872010722, guid: fe37ed5504abbfe47a196ade639cb57c,
        type: 3}
      propertyPath: m_LocalRotation.z
      value: -0
      objectReference: {fileID: 0}
    - target: {fileID: 4496729446872010722, guid: fe37ed5504abbfe47a196ade639cb57c,
        type: 3}
      propertyPath: m_LocalRotation.w
      value: 1
      objectReference: {fileID: 0}
    - target: {fileID: 4496729446872010722, guid: fe37ed5504abbfe47a196ade639cb57c,
        type: 3}
      propertyPath: m_RootOrder
      value: 2
      objectReference: {fileID: 0}
    - target: {fileID: 4496729446872010722, guid: fe37ed5504abbfe47a196ade639cb57c,
        type: 3}
      propertyPath: m_LocalEulerAnglesHint.x
      value: 0
      objectReference: {fileID: 0}
    - target: {fileID: 4496729446872010722, guid: fe37ed5504abbfe47a196ade639cb57c,
        type: 3}
      propertyPath: m_LocalEulerAnglesHint.y
      value: 0
      objectReference: {fileID: 0}
    - target: {fileID: 4496729446872010722, guid: fe37ed5504abbfe47a196ade639cb57c,
        type: 3}
      propertyPath: m_LocalEulerAnglesHint.z
      value: 0
      objectReference: {fileID: 0}
    - target: {fileID: 7537662828555515522, guid: fe37ed5504abbfe47a196ade639cb57c,
        type: 3}
      propertyPath: m_Name
      value: FenceX2
      objectReference: {fileID: 0}
    m_RemovedComponents: []
  m_SourcePrefab: {fileID: 100100000, guid: fe37ed5504abbfe47a196ade639cb57c, type: 3}
--- !u!4 &2250223070212886226 stripped
Transform:
  m_CorrespondingSourceObject: {fileID: 4496729446872010722, guid: fe37ed5504abbfe47a196ade639cb57c,
    type: 3}
  m_PrefabInstance: {fileID: 2404344333545619760}
  m_PrefabAsset: {fileID: 0}
--- !u!1001 &4036190791009881223
PrefabInstance:
  m_ObjectHideFlags: 0
  serializedVersion: 2
  m_Modification:
    m_TransformParent: {fileID: 1399815386180485175}
    m_Modifications:
    - target: {fileID: 1883227832361410291, guid: 49cd06a15be03344fa011c99f6a3bfd7,
        type: 3}
      propertyPath: m_Name
      value: FenceX4
      objectReference: {fileID: 0}
    - target: {fileID: 6862423777122120543, guid: 49cd06a15be03344fa011c99f6a3bfd7,
        type: 3}
      propertyPath: m_LocalPosition.x
      value: 0
      objectReference: {fileID: 0}
    - target: {fileID: 6862423777122120543, guid: 49cd06a15be03344fa011c99f6a3bfd7,
        type: 3}
      propertyPath: m_LocalPosition.y
      value: 0
      objectReference: {fileID: 0}
    - target: {fileID: 6862423777122120543, guid: 49cd06a15be03344fa011c99f6a3bfd7,
        type: 3}
      propertyPath: m_LocalPosition.z
      value: -1.75
      objectReference: {fileID: 0}
    - target: {fileID: 6862423777122120543, guid: 49cd06a15be03344fa011c99f6a3bfd7,
        type: 3}
      propertyPath: m_LocalRotation.x
      value: -0
      objectReference: {fileID: 0}
    - target: {fileID: 6862423777122120543, guid: 49cd06a15be03344fa011c99f6a3bfd7,
        type: 3}
      propertyPath: m_LocalRotation.y
      value: -0
      objectReference: {fileID: 0}
    - target: {fileID: 6862423777122120543, guid: 49cd06a15be03344fa011c99f6a3bfd7,
        type: 3}
      propertyPath: m_LocalRotation.z
      value: -0
      objectReference: {fileID: 0}
    - target: {fileID: 6862423777122120543, guid: 49cd06a15be03344fa011c99f6a3bfd7,
        type: 3}
      propertyPath: m_LocalRotation.w
      value: 1
      objectReference: {fileID: 0}
    - target: {fileID: 6862423777122120543, guid: 49cd06a15be03344fa011c99f6a3bfd7,
        type: 3}
      propertyPath: m_RootOrder
      value: 0
      objectReference: {fileID: 0}
    - target: {fileID: 6862423777122120543, guid: 49cd06a15be03344fa011c99f6a3bfd7,
        type: 3}
      propertyPath: m_LocalEulerAnglesHint.x
      value: 0
      objectReference: {fileID: 0}
    - target: {fileID: 6862423777122120543, guid: 49cd06a15be03344fa011c99f6a3bfd7,
        type: 3}
      propertyPath: m_LocalEulerAnglesHint.y
      value: 0
      objectReference: {fileID: 0}
    - target: {fileID: 6862423777122120543, guid: 49cd06a15be03344fa011c99f6a3bfd7,
        type: 3}
      propertyPath: m_LocalEulerAnglesHint.z
      value: 0
      objectReference: {fileID: 0}
    m_RemovedComponents: []
  m_SourcePrefab: {fileID: 100100000, guid: 49cd06a15be03344fa011c99f6a3bfd7, type: 3}
--- !u!4 &7439757686559096792 stripped
Transform:
  m_CorrespondingSourceObject: {fileID: 6862423777122120543, guid: 49cd06a15be03344fa011c99f6a3bfd7,
    type: 3}
  m_PrefabInstance: {fileID: 4036190791009881223}
  m_PrefabAsset: {fileID: 0}
--- !u!1001 &8532532831006012937
PrefabInstance:
  m_ObjectHideFlags: 0
  serializedVersion: 2
  m_Modification:
    m_TransformParent: {fileID: 1399815386180485175}
    m_Modifications:
    - target: {fileID: 1883227832361410291, guid: 49cd06a15be03344fa011c99f6a3bfd7,
        type: 3}
      propertyPath: m_Name
      value: FenceX4 (1)
      objectReference: {fileID: 0}
    - target: {fileID: 6862423777122120543, guid: 49cd06a15be03344fa011c99f6a3bfd7,
        type: 3}
      propertyPath: m_LocalPosition.x
      value: 0
      objectReference: {fileID: 0}
    - target: {fileID: 6862423777122120543, guid: 49cd06a15be03344fa011c99f6a3bfd7,
        type: 3}
      propertyPath: m_LocalPosition.y
      value: 0
      objectReference: {fileID: 0}
    - target: {fileID: 6862423777122120543, guid: 49cd06a15be03344fa011c99f6a3bfd7,
        type: 3}
      propertyPath: m_LocalPosition.z
      value: -9.75
      objectReference: {fileID: 0}
    - target: {fileID: 6862423777122120543, guid: 49cd06a15be03344fa011c99f6a3bfd7,
        type: 3}
      propertyPath: m_LocalRotation.x
      value: -0
      objectReference: {fileID: 0}
    - target: {fileID: 6862423777122120543, guid: 49cd06a15be03344fa011c99f6a3bfd7,
        type: 3}
      propertyPath: m_LocalRotation.y
      value: -0
      objectReference: {fileID: 0}
    - target: {fileID: 6862423777122120543, guid: 49cd06a15be03344fa011c99f6a3bfd7,
        type: 3}
      propertyPath: m_LocalRotation.z
      value: -0
      objectReference: {fileID: 0}
    - target: {fileID: 6862423777122120543, guid: 49cd06a15be03344fa011c99f6a3bfd7,
        type: 3}
      propertyPath: m_LocalRotation.w
      value: 1
      objectReference: {fileID: 0}
    - target: {fileID: 6862423777122120543, guid: 49cd06a15be03344fa011c99f6a3bfd7,
        type: 3}
      propertyPath: m_RootOrder
      value: 1
      objectReference: {fileID: 0}
    - target: {fileID: 6862423777122120543, guid: 49cd06a15be03344fa011c99f6a3bfd7,
        type: 3}
      propertyPath: m_LocalEulerAnglesHint.x
      value: 0
      objectReference: {fileID: 0}
    - target: {fileID: 6862423777122120543, guid: 49cd06a15be03344fa011c99f6a3bfd7,
        type: 3}
      propertyPath: m_LocalEulerAnglesHint.y
      value: 0
      objectReference: {fileID: 0}
    - target: {fileID: 6862423777122120543, guid: 49cd06a15be03344fa011c99f6a3bfd7,
        type: 3}
      propertyPath: m_LocalEulerAnglesHint.z
      value: 0
      objectReference: {fileID: 0}
    m_RemovedComponents: []
  m_SourcePrefab: {fileID: 100100000, guid: 49cd06a15be03344fa011c99f6a3bfd7, type: 3}
--- !u!4 &2978462057863988566 stripped
Transform:
  m_CorrespondingSourceObject: {fileID: 6862423777122120543, guid: 49cd06a15be03344fa011c99f6a3bfd7,
    type: 3}
  m_PrefabInstance: {fileID: 8532532831006012937}
  m_PrefabAsset: {fileID: 0}
